<?xml version='1.0' encoding='utf-8'?>
<record xmlns="http://www.loc.gov/MARC21/slim" xmlns:xsi="http://www.w3.org/2001/XMLSchema-instance">
  <leader>00000npcaa22004331u^4500</leader>
  <controlfield tag="001">002741268</controlfield>
  <controlfield tag="005">20060203113610.0</controlfield>
  <controlfield tag="008">940909i18471927miu^^^^^|^^^^^^^^^^^eng||</controlfield>
  <datafield tag="035" ind1=" " ind2=" ">
    <subfield code="a">(RLIN)MIUV85-A860</subfield>
  </datafield>
  <datafield tag="035" ind1=" " ind2=" ">
    <subfield code="a">(OCoLC)ocm34421312</subfield>
  </datafield>
  <datafield tag="040" ind1=" " ind2=" ">
    <subfield code="a">MiU-H</subfield>
    <subfield code="c">MiU-H</subfield>
    <subfield code="e">appm</subfield>
  </datafield>
  <datafield tag="100" ind1="3" ind2=" ">
    <subfield code="a">Buchanan family.</subfield>
  </datafield>
  <datafield tag="245" ind1="0" ind2="0">
    <subfield code="a">Buchanan family papers,</subfield>
    <subfield code="f">1847-1927.</subfield>
  </datafield>
  <datafield tag="300" ind1=" " ind2=" ">
    <subfield code="a">.6 linear ft. (2 boxes)</subfield>
  </datafield>
  <datafield tag="545" ind1=" " ind2=" ">
    <subfield code="a">Grand Rapids, Michigan, family.</subfield>
  </datafield>
  <datafield tag="520" ind1=" " ind2=" ">
    <subfield code="a">Correspondence and miscellaneous business papers including Civil War letters exchanged between John C. Buchanan and his wife, Sophia Bingham Buchanan, while he was serving in Co. D., of the 8th Michigan Infantry; letters from Claude Buchanan while he was a student at the University of Michigan; letters (1847-1858) of J. Irwin Beaumont of Mississippi and Minnesota to Angie Bingham (Gilbert); notebooks, speeches, business papers, and a diary of a trip to the South in 1884 made by Claude Buchanan.</subfield>
  </datafield>
  <datafield tag="500" ind1=" " ind2=" ">
    <subfield code="a">Donor: 2073</subfield>
  </datafield>
  <datafield tag="530" ind1=" " ind2=" ">
    <subfield code="a">Microfilm copy available in part.</subfield>
  </datafield>
  <datafield tag="600" ind1="3" ind2="0">
    <subfield code="a">Bingham family.</subfield>
  </datafield>
  <datafield tag="651" ind1=" " ind2="0">
    <subfield code="a">Grand Rapids (Mich.)</subfield>
  </datafield>
  <datafield tag="651" ind1=" " ind2="0">
    <subfield code="a">Minnesota.</subfield>
  </datafield>
  <datafield tag="651" ind1=" " ind2="0">
    <subfield code="a">Mississippi.</subfield>
  </datafield>
  <datafield tag="651" ind1=" " ind2="0">
    <subfield code="a">Southern States</subfield>
    <subfield code="x">Description and travel.</subfield>
  </datafield>
  <datafield tag="650" ind1=" " ind2="0">
    <subfield code="a">Voyages and travels.</subfield>
  </datafield>
  <datafield tag="650" ind1=" " ind2="0">
    <subfield code="a">Travelers.</subfield>
    <subfield code="2">lcsh</subfield>
  </datafield>
  <datafield tag="610" ind1="1" ind2="0">
    <subfield code="a">United States.</subfield>
    <subfield code="b">Army.</subfield>
    <subfield code="b">Michigan Infantry Regiment, 8th (1861-1865).</subfield>
    <subfield code="b">Company D.</subfield>
  </datafield>
  <datafield tag="651" ind1=" " ind2="0">
    <subfield code="a">United States</subfield>
    <subfield code="x">History</subfield>
    <subfield code="y">Civil War, 1861-1865.</subfield>
  </datafield>
  <datafield tag="610" ind1="2" ind2="0">
    <subfield code="a">University of Michigan</subfield>
    <subfield code="x">Students</subfield>
    <subfield code="x">Correspondence.</subfield>
  </datafield>
  <datafield tag="610" ind1="2" ind2="0">
    <subfield code="a">University of Michigan</subfield>
    <subfield code="x">Students</subfield>
    <subfield code="x">Social life and customs</subfield>
    <subfield code="y">1871-1880.</subfield>
  </datafield>
  <datafield tag="655" ind1=" " ind2="7">
    <subfield code="a">Diaries.</subfield>
    <subfield code="2">aat</subfield>
  </datafield>
  <datafield tag="650" ind1=" " ind2="0">
    <subfield code="a">Women</subfield>
    <subfield code="z">Michigan</subfield>
    <subfield code="z">Grand Rapids.</subfield>
  </datafield>
  <datafield tag="700" ind1="1" ind2=" ">
    <subfield code="a">Beaumont, J. Irwin.</subfield>
  </datafield>
  <datafield tag="700" ind1="1" ind2=" ">
    <subfield code="a">Buchanan, Claude Robinson.</subfield>
  </datafield>
  <datafield tag="700" ind1="1" ind2=" ">
    <subfield code="a">Buchanan, John Claude,</subfield>
    <subfield code="d">b. 1823.</subfield>
  </datafield>
  <datafield tag="700" ind1="1" ind2=" ">
    <subfield code="a">Buchanan, Sophia Bingham.</subfield>
  </datafield>
  <datafield tag="700" ind1="1" ind2=" ">
    <subfield code="a">Gilbert, Angelina Bingham.</subfield>
  </datafield>
  <datafield tag="852" ind1="8" ind2=" ">
    <subfield code="a">MiU-H</subfield>
    <subfield code="b">BENT</subfield>
    <subfield code="h">85860 Aa 2</subfield>
  </datafield>
  <datafield tag="998" ind1=" " ind2=" ">
    <subfield code="s">9554</subfield>
  </datafield>
  <datafield tag="955" ind1=" " ind2=" ">
    <subfield code="b">BENT</subfield>
    <subfield code="p">B1056271</subfield>
  </datafield>
</record>
